@article{nabutovsky2023geodesic,
  title={Geodesic nets: Some examples and open problems},
  author={Nabutovsky, Alexander and Parsch, Fabian},
  journal={Experimental Mathematics},
  volume={32},
  number={1},
  pages={1--25},
  year={2023},
  publisher={Taylor \& Francis}
}

@article{mirjalili2019genetic,
  title={Genetic algorithm},
  author={Mirjalili, Seyedali and Mirjalili, Seyedali},
  journal={Evolutionary Algorithms and Neural Networks: Theory and Applications},
  pages={43--55},
  year={2019},
  publisher={Springer}
}

@article{betzler2006steiner,
  title={Steiner tree problems in the analysis of biological networks},
  author={Betzler, Nadja},
  journal={Masters thesis},
  year={2006},
  publisher={Universit{\"a}t T{\"u}bingen}
}